@article{ucar2016multihop,
  title={Multihop-Cluster-Based IEEE 802.11 p and LTE Hybrid Architecture for VANET Safety Message Dissemination},
  author={Ucar, Seyhan and Ergen, Sinem Coleri and Ozkasap, Oznur},
  journal={IEEE Transactions on Vehicular Technology},
  volume={65},
  number={4},
  pages={2621--2636},
  year={2016},
  publisher={IEEE}
}

@inproceedings{wolny2008modified,
  title={Modified DMAC clustering algorithm for VANETs},
  author={Wolny, Grzegorz},
  booktitle={2008 Third International Conference on Systems and Networks Communications},
  pages={268--273},
  year={2008},
  organization={IEEE}
}

@inproceedings{zhang2011novel,
  title={A novel multi-hop clustering scheme for vehicular ad-hoc networks},
  author={Zhang, Zhenxia and Boukerche, Azzedine and Pazzi, Richard},
  booktitle={Proceedings of the 9th ACM international symposium on Mobility management and wireless access},
  pages={19--26},
  year={2011},
  organization={ACM}
}

@inproceedings{nasim2014mobile,
  title={Mobile publish/subscribe system for intelligent transport systems over a cloud environment},
  author={Nasim, Robayet and Kassler, Andreas J and Antonic, Aleksandar and others},
  booktitle={Cloud and Autonomic Computing (ICCAC), 2014 International Conference on},
  pages={187--195},
  year={2014},
  organization={IEEE}
}

@inproceedings{behrisch2011sumo,
  title={SUMO--simulation of urban mobility: an overview},
  author={Behrisch, Michael and Bieker, Laura and Erdmann, Jakob and Krajzewicz, Daniel},
  booktitle={Proceedings of SIMUL 2011, The Third International Conference on Advances in System Simulation},
  year={2011},
  organization={ThinkMind}
}

@article{banerjee2015phantomnet,
  title={Phantomnet: Research infrastructure for mobile networking, cloud computing and software-defined networking},
  author={Banerjee, Arijit and Cho, Junguk and Eide, Eric and Duerig, Jonathon and Nguyen, Binh and Ricci, Robert and Van der Merwe, Jacobus and Webb, Kirk and Wong, Gary},
  journal={GetMobile: Mobile Computing and Communications},
  volume={19},
  number={2},
  pages={28--33},
  year={2015},
  publisher={ACM}
}

@article{checko2015cloud,
  title={Cloud RAN for mobile networks—a technology overview},
  author={Checko, Aleksandra and Christiansen, Henrik L and Yan, Ying and Scolari, Lara and Kardaras, Georgios and Berger, Michael S and Dittmann, Lars},
  journal={IEEE Communications surveys \& tutorials},
  volume={17},
  number={1},
  pages={405--426},
  year={2015},
  publisher={IEEE}
}

@inproceedings{corici2010openepc,
  title={Openepc: A technical infrastructure for early prototyping of ngmn testbeds},
  author={Corici, Marius and Gouveia, Fabricio and Magedanz, Thomas and Vingarzan, Dragos},
  booktitle={International Conference on Testbeds and Research Infrastructures},
  pages={166--175},
  year={2010},
  organization={Springer}
}

@article{venkataramani2014mobility,
  title={MobilityFirst: a mobility-centric and trustworthy internet architecture},
  author={Venkataramani, Arun and Kurose, James F and Raychaudhuri, Dipankar and Nagaraja, Kiran and Mao, Morley and Banerjee, Suman},
  journal={ACM SIGCOMM Computer Communication Review},
  volume={44},
  number={3},
  pages={74--80},
  year={2014},
  publisher={ACM}
}

@inproceedings{cho2014smore,
  title={SMORE: software-defined networking mobile offloading architecture},
  author={Cho, Junguk and Nguyen, Binh and Banerjee, Arijit and Ricci, Robert and Van der Merwe, Jacobus and Webb, Kirk},
  booktitle={Proceedings of the 4th workshop on All things cellular: operations, applications, \& challenges},
  pages={21--26},
  year={2014},
  organization={ACM}
}

@inproceedings{pongthawornkamol2007analysis,
  title={The analysis of publish/subscribe systems over mobile wireless ad hoc networks},
  author={Pongthawornkamol, Thadpong and Nahrstedt, Klara and Wang, Guijun},
  booktitle={Mobile and Ubiquitous Systems: Networking \& Services, 2007. MobiQuitous 2007. Fourth Annual International Conference on},
  pages={1--8},
  year={2007},
  organization={IEEE}
}

@article{zhang2011data,
  title={Data-driven intelligent transportation systems: A survey},
  author={Zhang, Junping and Wang, Fei-Yue and Wang, Kunfeng and Lin, Wei-Hua and Xu, Xin and Chen, Cheng},
  journal={IEEE Transactions on Intelligent Transportation Systems},
  volume={12},
  number={4},
  pages={1624--1639},
  year={2011},
  publisher={IEEE}
}

@inproceedings{chen2015financial,
  title={Financial analysis of 4G network deployment},
  author={Chen, Yanjiao and Duan, Lingjie and Zhang, Qian},
  booktitle={2015 IEEE Conference on Computer Communications (INFOCOM)},
  pages={1607--1615},
  year={2015},
  organization={IEEE}
}

@book{4G,
 author = {Dahlman, Erik and Parkvall, Stefan and Skold, Johan},
 title = {4G: LTE/LTE-Advanced for Mobile Broadband},
 year = {2011},
 isbn = {012385489X, 9780123854896},
 edition = {1st},
 publisher = {Academic Press},
}

@Misc{5gvision,
  OPTkey = 	 {},
  author =	 "{5GPPP}",
  title =	 "{5G Vision - The 5G Infrastructure Public Private Partnership: the next generation of communication networks and services.}",
  howpublished = {\url{https://5g-ppp.eu/wp-content/uploads/2015/02/5G-Vision-Brochure-v1.pdf}},
  OPTmonth = 	 {},
 year =		 {2015},
  OPTnote = 	 {},
  OPTannote = 	 {}
}

@inproceedings{802.11p,
  title={IEEE 802.11 p: Towards an international standard for wireless access in vehicular environments},
  author={Jiang, Daniel and Delgrossi, Luca},
  booktitle={Vehicular Technology Conference, 2008. VTC Spring 2008. IEEE},
  pages={2036--2040},
  year={2008},
  organization={IEEE}
}

@article{camp2005vehicle,
  title={Vehicle safety communications project: Task 3 final report: identify intelligent vehicle safety applications enabled by DSRC},
  author={CAMP Vehicle Safety Communications Consortium and others},
  journal={National Highway Traffic Safety Administration, US Department of Transportation, Washington DC},
  year={2005}
}

@article{papadimitratos2009vehicular,
  title={Vehicular communication systems: Enabling technologies, applications, and future outlook on intelligent transportation},
  author={Papadimitratos, Panos and De La Fortelle, Arnaud and Evenssen, Knut and Brignolo, Roberto and Cosenza, Stefano},
  journal={IEEE Communications Magazine},
  volume={47},
  number={11},
  pages={84--95},
  year={2009},
  publisher={IEEE}
}

@article{hartenstein2008tutorial,
  title={A tutorial survey on vehicular ad hoc networks},
  author={Hartenstein, Hannes and Laberteaux, LP},
  journal={IEEE Communications magazine},
  volume={46},
  number={6},
  pages={164--171},
  year={2008},
  publisher={IEEE}
}

@article{bilal2013position,
  title={Position-based routing in vehicular networks: A survey},
  author={Bilal, Sardar Muhammad and Bernardos, Carlos Jesus and Guerrero, Carmen},
  journal={Journal of Network and Computer Applications},
  volume={36},
  number={2},
  pages={685--697},
  year={2013},
  publisher={Elsevier}
}

@book{misra2006global,
  title={Global Positioning System: Signals, Measurements and Performance Second Edition},
  author={Misra, Pratap and Enge, Per},
  year={2006},
  publisher={Lincoln, MA: Ganga-Jamuna Press}
}

@misc{buffers2011google,
  title={Google’s data interchange format},
  author={Buffers, Protocol},
  year={2011}
}

@article{raychaudhuri2012mobilityfirst,
  title={Mobilityfirst: a robust and trustworthy mobility-centric architecture for the future internet},
  author={Raychaudhuri, Dipankar and Nagaraja, Kiran and Venkataramani, Arun},
  journal={ACM SIGMOBILE Mobile Computing and Communications Review},
  volume={16},
  number={3},
  pages={2--13},
  year={2012},
  publisher={ACM}
}

@article{hansson2002integrating,
  title={Integrating reliability and timing analysis of CAN-based systems},
  author={Hansson, Hans A and Nolte, Thomas and Norstrom, Christer and Punnekkat, Sasikumar},
  journal={IEEE Transactions on Industrial Electronics},
  volume={49},
  number={6},
  pages={1240--1250},
  year={2002},
  publisher={IEEE}
}

@inproceedings{laner2012comparison,
  title={A comparison between one-way delays in operating HSPA and LTE networks},
  author={Laner, Markus and Svoboda, Philipp and Romirer-Maierhofer, Peter and Nikaein, Navid and Ricciato, Fabio and Rupp, Markus},
  booktitle={Modeling and Optimization in Mobile, Ad Hoc and Wireless Networks (WiOpt), 2012 10th International Symposium on},
  pages={286--292},
  year={2012},
  organization={IEEE}
}

@book{grigorik2013high,
  title={High Performance Browser Networking: What every web developer should know about networking and web performance},
  author={Grigorik, Ilya},
  chapter={7},
  year={2013},
  publisher={" O'Reilly Media, Inc."}
}

@article{lecompte2012evolved,
  title={Evolved multimedia broadcast/multicast service (eMBMS) in LTE-advanced: overview and Rel-11 enhancements},
  author={Lecompte, David and Gabin, Fr{\'e}d{\'e}ric},
  journal={IEEE Communications Magazine},
  volume={50},
  number={11},
  pages={68--74},
  year={2012},
  publisher={IEEE}
}
